% Encoding: ISO-8859-9

@TechReport{aevimundo,
  author      = {AEVI},
  title       = {El Videojuego en el Mundo},
  institution = {Asociación española del videojuego (AEVI)},
  year        = {2017},
  url         = {http://www.aevi.org.es/la-industria-del-videojuego/en-el-mundo/},
}

@TechReport{newzoo2016report,
  author      = {Newzoo},
  title       = {Global Games Market 2016 Report},
  institution = {Newzoo},
  year        = {2017},
  file        = {:bibliography\\newzoo2016report - Global Games Market 2016 Report.pdf:PDF},
  url         = {https://newzoo.com/insights/articles/global-games-market-reaches-99-6-billion-2016-mobile-generating-37/},
}

@TechReport{gamasutra2014salarysurvey,
  author      = {Gamasutra},
  title       = {Gamasutra Salary Survey 2014},
  institution = {Gamasutra},
  year        = {2014},
  file        = {:bibliography\\gamasutra2014salarysurvey - Gamasutra Salary Survey 2014.pdf:PDF},
  url         = {http://www.gamasutra.com/salarysurvey2014.pdf},
}

@Manual{uedoc,
  title        = {Documentación Unreal Engine},
  author       = {EpicGames},
  organization = {Epic Games},
  year         = {2017},
  url          = {https://docs.unrealengine.com/latest/INT/},
}

@TechReport{zehndesarrolloesp,
  author      = {ZehnGames},
  title       = {El desarrollo español en Steam: Una lectura desde los datos},
  institution = {Zehn Games},
  year        = {2017},
  url         = {http://www.zehngames.com/developers/el-desarrollo-espanol-en-steam-una-lectura-desde-los-datos/},
}

@Misc{steamdirectannouncement,
  author = {Steam},
  title  = {Tasa de Steam Direct y próximas actualizaciones de la tienda},
  year   = {2017},
  url    = {https://steamcommunity.com/games/593110/announcements/detail/1265921510652460726},
}

@Misc{steamgreenlightdirectdiferencias,
  author = {SoftZone},
  title  = {Qué es Steam Direct y en qué se diferencia de Steam Greenlight},
  year   = {2017},
  url    = {https://www.softzone.es/2017/06/16/steam-direct-diferencias-steam-greenlight/},
}

@TechReport{newzoo2017esports,
  author      = {Newzoo},
  title       = {Esports Revenues Will Reach 696 million dollars this year and grow to 1.5 billion dollars by 2020},
  institution = {Newzoo},
  year        = {2017},
  url         = {https://newzoo.com/insights/articles/esports-revenues-will-reach-696-million-in-2017/},
}

@Misc{ventaspubg,
  author = {ZonaRed},
  title  = {Playerunknown's Battlegrounds continúa en el trono de las ventas semanales de Steam},
  year   = {2017},
  url    = {http://www.zonared.com/noticias/playerunknowns-battlegrounds-continua-trono-ventas-semana-steam-5-6-17/},
}

@Comment{jabref-meta: databaseType:bibtex;}
